@book{RussellNorvig:2021,
  author    = "Russell, Stuart and Norvig, Peter",
  title     = "Artificial Intelligence: A Modern Approach, 4th edition",
  publisher = "Pearson",
  year      = "2021"
}


@Inbook{vanOtterlo2012,
author="van Otterlo, Martijn and Wiering, Marco",
editor="Wiering, Marco and van Otterlo, Martijn",
title="Reinforcement Learning and Markov Decision Processes",
bookTitle="Reinforcement Learning: State-of-the-Art",
year="2012",
publisher="Springer Berlin Heidelberg",
address="Berlin, Heidelberg",
pages="3--42",
isbn="978-3-642-27645-3",
doi="10.1007/978-3-642-27645-3_1",
url="https://doi.org/10.1007/978-3-642-27645-3_1",
note = {\url{https://doi.org/10.1007/978-3-642-27645-3_1}}
}


@book{sutton2018reinforcement,
  title={Reinforcement learning: An introduction},
  author={Sutton, Richard S and Barto, Andrew G},
  year={2018},
  publisher={MIT press}
}

@article{watkins1989learning,
  title={Learning from delayed rewards},
  author={Watkins, Christopher John Cornish Hellaby},
  year={1989},
  publisher={King's College, Cambridge United Kingdom}
}


@misc{tensorflow2015,
title={ {TensorFlow}: Large-Scale Machine Learning on Heterogeneous Systems},
url={https://www.tensorflow.org/},
note={Software available from tensorflow.org},
author={
    Mart\'{i}n~Abadi and
    Ashish~Agarwal and
    Paul~Barham and
    Eugene~Brevdo and
    Zhifeng~Chen and
    Craig~Citro and
    Greg~S.~Corrado and
    Andy~Davis and
    Jeffrey~Dean and
    Matthieu~Devin and
    Sanjay~Ghemawat and
    Ian~Goodfellow and
    Andrew~Harp and
    Geoffrey~Irving and
    Michael~Isard and
    Yangqing Jia and
    Rafal~Jozefowicz and
    Lukasz~Kaiser and
    Manjunath~Kudlur and
    Josh~Levenberg and
    Dandelion~Man\'{e} and
    Rajat~Monga and
    Sherry~Moore and
    Derek~Murray and
    Chris~Olah and
    Mike~Schuster and
    Jonathon~Shlens and
    Benoit~Steiner and
    Ilya~Sutskever and
    Kunal~Talwar and
    Paul~Tucker and
    Vincent~Vanhoucke and
    Vijay~Vasudevan and
    Fernanda~Vi\'{e}gas and
    Oriol~Vinyals and
    Pete~Warden and
    Martin~Wattenberg and
    Martin~Wicke and
    Yuan~Yu and
    Xiaoqiang~Zheng},
  year={2015},
}


@misc{chollet2015keras,
  title={Keras},
  author={Chollet, Francois and others},
  year={2015},
  publisher={GitHub},
  note = {\url{https://github.com/fchollet/keras}, Datum dostopa: 3. 8. 2023}
}

@article{bellemare2013arcade,
  title={The arcade learning environment: An evaluation platform for general agents},
  author={Bellemare, Marc G and Naddaf, Yavar and Veness, Joel and Bowling, Michael},
  journal={Journal of Artificial Intelligence Research},
  volume={47},
  pages={253--279},
  year={2013}
}



@misc{Terry_PettingZoo_Gym_for,
    author = {Terry, Jordan and Black, Benjamin and Grammel, Nathaniel and Jayakumar, Mario and Hari, Ananth and Sullivan, Ryan and Santos, Luis and Perez, Rodrigo and Horsch, Caroline and Dieffendahl, Clemens and Williams, Niall and Lokesh, Yashas},
    license = {MIT},
    title = {{PettingZoo: Gym for multi-agent reinforcement learning}},
    note = {\url{https://github.com/Farama-Foundation/PettingZoo}, Datum dostopa: 3. 8. 2023}
}

@misc{towers_gymnasium_2023,
    title = {Gymnasium},
    url = {https://zenodo.org/record/8127025},
    abstract = {An API standard for single-agent reinforcement learning environments, with popular reference environments and related utilities (formerly Gym)},
    urldate = {2023-07-08},
    publisher = {Zenodo},
    author = {Towers, Mark and Terry, Jordan K. and Kwiatkowski, Ariel and Balis, John U. and Cola, Gianluca de and Deleu, Tristan and Goulão, Manuel and Kallinteris, Andreas and KG, Arjun and Krimmel, Markus and Perez-Vicente, Rodrigo and Pierré, Andrea and Schulhoff, Sander and Tai, Jun Jet and Shen, Andrew Tan Jin and Younis, Omar G.},
    month = mar,
    year = {2023},
    doi = {10.5281/zenodo.8127026},
    note = {\url{https://zenodo.org/record/8127025}, Datum dostopa: 3. 8. 2023}
}

@misc{mnih2013playing,
      title={Playing Atari with Deep Reinforcement Learning}, 
      author={Volodymyr Mnih and Koray Kavukcuoglu and David Silver and Alex Graves and Ioannis Antonoglou and Daan Wierstra and Martin Riedmiller},
      eprint={1312.5602},
      primaryClass={cs.LG},
      note={arXiv, 2013}
}



@misc{pypi,
  title={Python Package Index - PyPI},
  author={Bicking, Ian},
  publisher={Python Software Foundation},
  note = {\url{https://pypi.org/}, Datum dostopa: 3. 8. 2023}
  
}